01REMESSA01COBRANCA       88460022842000000000NS3 - SOLUCOES EM T.I (AMBIENT341BANCO ITAU SA  091116                                                                                                                                                                                                                                                                                                      000001
10218464581000188884600228420    0000                         000000240000000000000109                     I0100001NS30109121700000000350003410000001N091116190000000000000000000000000000000000000000000000000000000000000100000000000000PAULO SERGIO DOS SANTOS                 RUA EZEQUIEL LOPES CARDOSO 681          PARQUE GRAJA04843610SAO PAULO      SP                                  00000000 000002
9                                                                                                                                                                                                                                                                                                                                                                                                         000003
