01REMESSA01COBRANCA       88460022842000000000NS3 - SOLUCOES EM T.I (AMBIENT341BANCO ITAU SA  170916                                                                                                                                                                                                                                                                                                      000001
10218464581000188884600228420    0000                         000000060000000000000109                     I0100001NS30620011700000001000003410000001N260816190000000000000000000000000000000000000000000000000000000000000100000000000000PAULO SERGIO DOS SANTOS                 RUA EZEQUIEL LOPES CARDOSO 681          PARQUE GRAJA04843610SAO PAULO      SP                                  00000000 000002
10218464581000188884600228420    0000                         000000070000000000000109                     I0100001NS30720021700000001000003410000001N260816190000000000000000000000000000000000000000000000000000000000000100000000000000PAULO SERGIO DOS SANTOS                 RUA EZEQUIEL LOPES CARDOSO 681          PARQUE GRAJA04843610SAO PAULO      SP                                  00000000 000003
10218464581000188884600228420    0000                         000000080000000000000109                     I0100001NS30820031700000001000003410000001N260816190000000000000000000000000000000000000000000000000000000000000100000000000000PAULO SERGIO DOS SANTOS                 RUA EZEQUIEL LOPES CARDOSO 681          PARQUE GRAJA04843610SAO PAULO      SP                                  00000000 000004
10218464581000188884600228420    0000                         000000090000000000000109                     I0100001NS30920041700000001000003410000001N260816190000000000000000000000000000000000000000000000000000000000000100000000000000PAULO SERGIO DOS SANTOS                 RUA EZEQUIEL LOPES CARDOSO 681          PARQUE GRAJA04843610SAO PAULO      SP                                  00000000 000005
10218464581000188884600228420    0000                         000000100000000000000109                     I0100001NS31020051700000001000003410000001N260816190000000000000000000000000000000000000000000000000000000000000100000000000000PAULO SERGIO DOS SANTOS                 RUA EZEQUIEL LOPES CARDOSO 681          PARQUE GRAJA04843610SAO PAULO      SP                                  00000000 000006
10218464581000188884600228420    0000                         000000110000000000000109                     I0100001NS31120061700000001000003410000001N260816190000000000000000000000000000000000000000000000000000000000000100000000000000PAULO SERGIO DOS SANTOS                 RUA EZEQUIEL LOPES CARDOSO 681          PARQUE GRAJA04843610SAO PAULO      SP                                  00000000 000007
10218464581000188884600228420    0000                         000000120000000000000109                     I0100001NS31220071700000001000003410000001N260816190000000000000000000000000000000000000000000000000000000000000100000000000000PAULO SERGIO DOS SANTOS                 RUA EZEQUIEL LOPES CARDOSO 681          PARQUE GRAJA04843610SAO PAULO      SP                                  00000000 000008
10218464581000188884600228420    0000                         000000130000000000000109                     I0100001NS31320081700000001000003410000001N260816190000000000000000000000000000000000000000000000000000000000000100000000000000PAULO SERGIO DOS SANTOS                 RUA EZEQUIEL LOPES CARDOSO 681          PARQUE GRAJA04843610SAO PAULO      SP                                  00000000 000009
10218464581000188884600228420    0000                         000000140000000000000109                     I0100001NS31420091700000001000003410000001N260816190000000000000000000000000000000000000000000000000000000000000100000000000000PAULO SERGIO DOS SANTOS                 RUA EZEQUIEL LOPES CARDOSO 681          PARQUE GRAJA04843610SAO PAULO      SP                                  00000000 000010
10218464581000188884600228420    0000                         000000150000000000000109                     I0100001NS31520101700000001000003410000001N260816190000000000000000000000000000000000000000000000000000000000000100000000000000PAULO SERGIO DOS SANTOS                 RUA EZEQUIEL LOPES CARDOSO 681          PARQUE GRAJA04843610SAO PAULO      SP                                  00000000 000011
10218464581000188884600228420    0000                         000000160000000000000109                     I0100001NS30105101600000000125003410000001N170916190000000000000000000000000000000000000000000000000000000000000100000000000000PAULO SERGIO DOS SANTOS                 RUA EZEQUIEL LOPES CARDOSO 681          PARQUE GRAJA04843610SAO PAULO      SP                                  00000000 000012
10218464581000188884600228420    0000                         000000170000000000000109                     I0100001NS30205111600000000125003410000001N170916190000000000000000000000000000000000000000000000000000000000000100000000000000PAULO SERGIO DOS SANTOS                 RUA EZEQUIEL LOPES CARDOSO 681          PARQUE GRAJA04843610SAO PAULO      SP                                  00000000 000013
10218464581000188884600228420    0000                         000000180000000000000109                     I0100001NS30305121600000000125003410000001N170916190000000000000000000000000000000000000000000000000000000000000100000000000000PAULO SERGIO DOS SANTOS                 RUA EZEQUIEL LOPES CARDOSO 681          PARQUE GRAJA04843610SAO PAULO      SP                                  00000000 000014
10218464581000188884600228420    0000                         000000190000000000000109                     I0100001NS30405011700000000125003410000001N170916190000000000000000000000000000000000000000000000000000000000000100000000000000PAULO SERGIO DOS SANTOS                 RUA EZEQUIEL LOPES CARDOSO 681          PARQUE GRAJA04843610SAO PAULO      SP                                  00000000 000015
9                                                                                                                                                                                                                                                                                                                                                                                                         000016
