01REMESSA01COBRANCA       88460022842000000000NS3 - SOLUCOES EM T.I         341BANCO ITAU SA  290916                                                                                                                                                                                                                                                                                                      000001
10218464581000188884600228420    0000                         000000140000000000000109                     I0100024NS30105101600000000167503410000001N260916190000000000000000000000000000000000000000000000000000000000000100000000000000DAYANE GONCALVES HIPOLITO               RUA MEIER 241                           JARDIM RECOR06783095TABOAO DA SERRASP                                  00000000 000002
10218464581000188884600228420    0000                         000000150000000000000109                     I0100024NS30205111600000000167503410000001N260916190000000000000000000000000000000000000000000000000000000000000100000000000000DAYANE GONCALVES HIPOLITO               RUA MEIER 241                           JARDIM RECOR06783095TABOAO DA SERRASP                                  00000000 000003
10218464581000188884600228420    0000                         000000160000000000000109                     I0100024NS30305121600000000167503410000001N260916190000000000000000000000000000000000000000000000000000000000000100000000000000DAYANE GONCALVES HIPOLITO               RUA MEIER 241                           JARDIM RECOR06783095TABOAO DA SERRASP                                  00000000 000004
10218464581000188884600228420    0000                         000000170000000000000109                     I0100024NS30405011700000000167503410000001N260916190000000000000000000000000000000000000000000000000000000000000100000000000000DAYANE GONCALVES HIPOLITO               RUA MEIER 241                           JARDIM RECOR06783095TABOAO DA SERRASP                                  00000000 000005
10218464581000188884600228420    0000                         000000180000000000000109                     I0100035NS30120101600000000257503410000001N260916190000000000000000000000000000000000000000000000000000000000000100000000000000HENRIQUE SERPA MIRANDA                  AVENIDA ARLINDO GENARIO DE FREITAS 115  JARDIM SAPOR06783050TABOAO DA SERRASP                                  00000000 000006
10218464581000188884600228420    0000                         000000190000000000000109                     I0100035NS30220111600000000257503410000001N260916190000000000000000000000000000000000000000000000000000000000000100000000000000HENRIQUE SERPA MIRANDA                  AVENIDA ARLINDO GENARIO DE FREITAS 115  JARDIM SAPOR06783050TABOAO DA SERRASP                                  00000000 000007
10218464581000188884600228420    0000                         000000200000000000000109                     I0100035NS30320121600000000257503410000001N260916190000000000000000000000000000000000000000000000000000000000000100000000000000HENRIQUE SERPA MIRANDA                  AVENIDA ARLINDO GENARIO DE FREITAS 115  JARDIM SAPOR06783050TABOAO DA SERRASP                                  00000000 000008
10218464581000188884600228420    0000                         000000210000000000000109                     I0100035NS30420011700000000257503410000001N260916190000000000000000000000000000000000000000000000000000000000000100000000000000HENRIQUE SERPA MIRANDA                  AVENIDA ARLINDO GENARIO DE FREITAS 115  JARDIM SAPOR06783050TABOAO DA SERRASP                                  00000000 000009
10218464581000188884600228420    0000                         000000220000000000000109                     I0100003NS30125101600000000226673410000001N290916190000000000000000000000000000000000000000000000000000000000000100000000000000TIAGO DE SA                             RUA PLANALTO 221                        JARDIM SANTO06823500EMBU DAS ARTES SP                                  00000000 000010
10218464581000188884600228420    0000                         000000230000000000000109                     I0100003NS30205111600000000226673410000001N290916190000000000000000000000000000000000000000000000000000000000000100000000000000TIAGO DE SA                             RUA PLANALTO 221                        JARDIM SANTO06823500EMBU DAS ARTES SP                                  00000000 000011
10218464581000188884600228420    0000                         000000240000000000000109                     I0100003NS30305121600000000226673410000001N290916190000000000000000000000000000000000000000000000000000000000000100000000000000TIAGO DE SA                             RUA PLANALTO 221                        JARDIM SANTO06823500EMBU DAS ARTES SP                                  00000000 000012
9                                                                                                                                                                                                                                                                                                                                                                                                         000013
