02RETORNO01COBRANCA       884600228420        TIAGO DE SA                   341BANCO ITAU S.A.11081601600BPI00025120816                                                                                                                                                                                                                                                                                   000001
10200043478482852884600228420                                 00000001            109000000011             I0211081600015NS30100000001            30081600000000167503412861301000000000000000000000000000000000000000000000000000000000000000000000000000000000000000000000000000000330000000000000         00000000000000000000000JESSICA ALVES DE LIMA                                                 000002
10200043478482852884600228420                                 00000002            109000000029             I0211081600015NS30200000002            15091600000000167503412861301000000000000000000000000000000000000000000000000000000000000000000000000000000000000000000000000000000330000000000000         00000000000000000000000JESSICA ALVES DE LIMA                                                 000003
10200043478482852884600228420                                 00000003            109000000037             I0211081600015NS30300000003            15101600000000167503412861301000000000000000000000000000000000000000000000000000000000000000000000000000000000000000000000000000000330000000000000         00000000000000000000000JESSICA ALVES DE LIMA                                                 000004
10200043478482852884600228420                                 00000004            109000000045             I0211081600015NS30400000004            15111600000000167503412861301000000000000000000000000000000000000000000000000000000000000000000000000000000000000000000000000000000330000000000000         00000000000000000000000JESSICA ALVES DE LIMA                                                 000005
10200043478482852884600228420                                 00000005            109000000052             I0211081600003NS30100000005            30081600000000005003410568601000000000000000000000000000000000000000000000000000000000000000000000000000000000000000000000000000000010000000000000         00000000000000000000000TIAGO DE SA                                                           000006
9201341          000000000000000000000000000000          000000000000000000000000000000                                                  000000000000000000000000000000          0000000500000000067500  12/08S000250000000500000000067500                                                                                                                                                                000007
