02RETORNO01COBRANCA       884600228420        TIAGO DE SA                   341BANCO ITAU S.A.16081601600BPI00027170816                                                                                                                                                                                                                                                                                   000001
10200043478482852884600228420                                 00000001            109000000011             I0615081600015NS30100000001            30081600000000167502372764901000000000000000000000000000000000000000000000000000000000000000000000000000000000000001675000000000000000000000000000   17081600000000000000000000000JESSICA ALVES DE LIMA                                               B2000002
9201341          000000000000000000000000000000          000000000000000000000000000000                                                  000000000000000000000000000000          0000000300000000050250  17/08S000270000000100000000016750                                                                                                                                                                000003
