01REMESSA01COBRANCA       88460022842000000000NS3 - SOLUCOES EM T.I (AMBIENT341BANCO ITAU SA  100816                                                                                                                                                                                                                                                                                                      000001
10218464581000188884600228420    0000                         000000010000000000000109                     I0100001NS30128081600000000068003410000001N050816210000000000000000000000000000000000000000000000000000000000000100000000000000PAULO SERGIO DOS SANTOS                 RUA EZEQUIEL LOPES CARDOSO 681          PARQUE GRAJA04843610SAO PAULO      SP                                  00000000 000002
10218464581000188884600228420    0000                         000000020000000000000109                     I0100001NS30210091600000000068003410000001N050816210000000000000000000000000000000000000000000000000000000000000100000000000000PAULO SERGIO DOS SANTOS                 RUA EZEQUIEL LOPES CARDOSO 681          PARQUE GRAJA04843610SAO PAULO      SP                                  00000000 000003
10218464581000188884600228420    0000                         000000030000000000000109                     I0100001NS30310101600000000068003410000001N050816210000000000000000000000000000000000000000000000000000000000000100000000000000PAULO SERGIO DOS SANTOS                 RUA EZEQUIEL LOPES CARDOSO 681          PARQUE GRAJA04843610SAO PAULO      SP                                  00000000 000004
10218464581000188884600228420    0000                         000000040000000000000109                     I0100001NS30410111600000000068003410000001N050816210000000000000000000000000000000000000000000000000000000000000100000000000000PAULO SERGIO DOS SANTOS                 RUA EZEQUIEL LOPES CARDOSO 681          PARQUE GRAJA04843610SAO PAULO      SP                                  00000000 000005
10218464581000188884600228420    0000                         000000050000000000000109                     I0100001NS30510121600000000068003410000001N050816210000000000000000000000000000000000000000000000000000000000000100000000000000PAULO SERGIO DOS SANTOS                 RUA EZEQUIEL LOPES CARDOSO 681          PARQUE GRAJA04843610SAO PAULO      SP                                  00000000 000006
10218464581000188884600228420    0000                         000000060000000000000109                     I0100001NS30112081600000000050003410000001N050816210000000000000000000000000000000000000000000000000000000000000100000000000000PAULO SERGIO DOS SANTOS                 RUA EZEQUIEL LOPES CARDOSO 681          PARQUE GRAJA04843610SAO PAULO      SP                                  00000000 000007
10218464581000188884600228420    0000                         000000070000000000000109                     I0100001NS30210091600000000050003410000001N050816210000000000000000000000000000000000000000000000000000000000000100000000000000PAULO SERGIO DOS SANTOS                 RUA EZEQUIEL LOPES CARDOSO 681          PARQUE GRAJA04843610SAO PAULO      SP                                  00000000 000008
10218464581000188884600228420    0000                         000000080000000000000109                     I0100001NS30113081600000000304823410000001N050816210000000000000000000000000000000000000000000000000000000000000100000000000000PAULO SERGIO DOS SANTOS                 RUA EZEQUIEL LOPES CARDOSO 681          PARQUE GRAJA04843610SAO PAULO      SP                                  00000000 000009
10218464581000188884600228420    0000                         000000090000000000000109                     I0100001NS30215091600000000304823410000001N050816210000000000000000000000000000000000000000000000000000000000000100000000000000PAULO SERGIO DOS SANTOS                 RUA EZEQUIEL LOPES CARDOSO 681          PARQUE GRAJA04843610SAO PAULO      SP                                  00000000 000010
10218464581000188884600228420    0000                         000000100000000000000109                     I0100001NS30315101600000000304823410000001N050816210000000000000000000000000000000000000000000000000000000000000100000000000000PAULO SERGIO DOS SANTOS                 RUA EZEQUIEL LOPES CARDOSO 681          PARQUE GRAJA04843610SAO PAULO      SP                                  00000000 000011
10218464581000188884600228420    0000                         000000110000000000000109                     I0100001NS30415111600000000304823410000001N050816210000000000000000000000000000000000000000000000000000000000000100000000000000PAULO SERGIO DOS SANTOS                 RUA EZEQUIEL LOPES CARDOSO 681          PARQUE GRAJA04843610SAO PAULO      SP                                  00000000 000012
10218464581000188884600228420    0000                         000000120000000000000109                     I0100001NS30515121600000000304823410000001N050816210000000000000000000000000000000000000000000000000000000000000100000000000000PAULO SERGIO DOS SANTOS                 RUA EZEQUIEL LOPES CARDOSO 681          PARQUE GRAJA04843610SAO PAULO      SP                                  00000000 000013
10218464581000188884600228420    0000                         000000130000000000000109                     I0100001NS30615011700000000304823410000001N050816210000000000000000000000000000000000000000000000000000000000000100000000000000PAULO SERGIO DOS SANTOS                 RUA EZEQUIEL LOPES CARDOSO 681          PARQUE GRAJA04843610SAO PAULO      SP                                  00000000 000014
10218464581000188884600228420    0000                         000000140000000000000109                     I0100001NS30715011700000000304823410000001N050816210000000000000000000000000000000000000000000000000000000000000100000000000000PAULO SERGIO DOS SANTOS                 RUA EZEQUIEL LOPES CARDOSO 681          PARQUE GRAJA04843610SAO PAULO      SP                                  00000000 000015
10218464581000188884600228420    0000                         000000150000000000000109                     I0100001NS30815011700000000304823410000001N050816210000000000000000000000000000000000000000000000000000000000000100000000000000PAULO SERGIO DOS SANTOS                 RUA EZEQUIEL LOPES CARDOSO 681          PARQUE GRAJA04843610SAO PAULO      SP                                  00000000 000016
10218464581000188884600228420    0000                         000000160000000000000109                     I0100001NS30915011700000000304823410000001N050816210000000000000000000000000000000000000000000000000000000000000100000000000000PAULO SERGIO DOS SANTOS                 RUA EZEQUIEL LOPES CARDOSO 681          PARQUE GRAJA04843610SAO PAULO      SP                                  00000000 000017
10218464581000188884600228420    0000                         000000170000000000000109                     I0100001NS31015011700000000304823410000001N050816210000000000000000000000000000000000000000000000000000000000000100000000000000PAULO SERGIO DOS SANTOS                 RUA EZEQUIEL LOPES CARDOSO 681          PARQUE GRAJA04843610SAO PAULO      SP                                  00000000 000018
10218464581000188884600228420    0000                         000000180000000000000109                     I0100001NS31115011700000000304823410000001N050816210000000000000000000000000000000000000000000000000000000000000100000000000000PAULO SERGIO DOS SANTOS                 RUA EZEQUIEL LOPES CARDOSO 681          PARQUE GRAJA04843610SAO PAULO      SP                                  00000000 000019
10218464581000188884600228420    0000                         000000190000000000000109                     I0100001NS31215011700000000304823410000001N050816210000000000000000000000000000000000000000000000000000000000000100000000000000PAULO SERGIO DOS SANTOS                 RUA EZEQUIEL LOPES CARDOSO 681          PARQUE GRAJA04843610SAO PAULO      SP                                  00000000 000020
10218464581000188884600228420    0000                         000000200000000000000109                     I0100001NS30113081600000000514303410000001N050816210000000000000000000000000000000000000000000000000000000000000100000000000000PAULO SERGIO DOS SANTOS                 RUA EZEQUIEL LOPES CARDOSO 681          PARQUE GRAJA04843610SAO PAULO      SP                                  00000000 000021
10218464581000188884600228420    0000                         000000210000000000000109                     I0100001NS30225091600000000514303410000001N050816210000000000000000000000000000000000000000000000000000000000000100000000000000PAULO SERGIO DOS SANTOS                 RUA EZEQUIEL LOPES CARDOSO 681          PARQUE GRAJA04843610SAO PAULO      SP                                  00000000 000022
10218464581000188884600228420    0000                         000000220000000000000109                     I0100001NS30325101600000000514303410000001N050816210000000000000000000000000000000000000000000000000000000000000100000000000000PAULO SERGIO DOS SANTOS                 RUA EZEQUIEL LOPES CARDOSO 681          PARQUE GRAJA04843610SAO PAULO      SP                                  00000000 000023
10218464581000188884600228420    0000                         000000230000000000000109                     I0100001NS30425111600000000514303410000001N050816210000000000000000000000000000000000000000000000000000000000000100000000000000PAULO SERGIO DOS SANTOS                 RUA EZEQUIEL LOPES CARDOSO 681          PARQUE GRAJA04843610SAO PAULO      SP                                  00000000 000024
10218464581000188884600228420    0000                         000000240000000000000109                     I0100001NS30525121600000000514303410000001N050816210000000000000000000000000000000000000000000000000000000000000100000000000000PAULO SERGIO DOS SANTOS                 RUA EZEQUIEL LOPES CARDOSO 681          PARQUE GRAJA04843610SAO PAULO      SP                                  00000000 000025
10218464581000188884600228420    0000                         000000250000000000000109                     I0100001NS30625011700000000514303410000001N050816210000000000000000000000000000000000000000000000000000000000000100000000000000PAULO SERGIO DOS SANTOS                 RUA EZEQUIEL LOPES CARDOSO 681          PARQUE GRAJA04843610SAO PAULO      SP                                  00000000 000026
10218464581000188884600228420    0000                         000000260000000000000109                     I0100001NS30725011700000000514303410000001N050816210000000000000000000000000000000000000000000000000000000000000100000000000000PAULO SERGIO DOS SANTOS                 RUA EZEQUIEL LOPES CARDOSO 681          PARQUE GRAJA04843610SAO PAULO      SP                                  00000000 000027
10218464581000188884600228420    0000                         000000270000000000000109                     I0100001NS30825011700000000514303410000001N050816210000000000000000000000000000000000000000000000000000000000000100000000000000PAULO SERGIO DOS SANTOS                 RUA EZEQUIEL LOPES CARDOSO 681          PARQUE GRAJA04843610SAO PAULO      SP                                  00000000 000028
10218464581000188884600228420    0000                         000000280000000000000109                     I0100001NS30925011700000000514303410000001N050816210000000000000000000000000000000000000000000000000000000000000100000000000000PAULO SERGIO DOS SANTOS                 RUA EZEQUIEL LOPES CARDOSO 681          PARQUE GRAJA04843610SAO PAULO      SP                                  00000000 000029
10218464581000188884600228420    0000                         000000290000000000000109                     I0100001NS31025011700000000514303410000001N050816210000000000000000000000000000000000000000000000000000000000000100000000000000PAULO SERGIO DOS SANTOS                 RUA EZEQUIEL LOPES CARDOSO 681          PARQUE GRAJA04843610SAO PAULO      SP                                  00000000 000030
10218464581000188884600228420    0000                         000000300000000000000109                     I0100001NS31125011700000000514303410000001N050816210000000000000000000000000000000000000000000000000000000000000100000000000000PAULO SERGIO DOS SANTOS                 RUA EZEQUIEL LOPES CARDOSO 681          PARQUE GRAJA04843610SAO PAULO      SP                                  00000000 000031
10218464581000188884600228420    0000                         000000310000000000000109                     I0100001NS31225011700000000514303410000001N050816210000000000000000000000000000000000000000000000000000000000000100000000000000PAULO SERGIO DOS SANTOS                 RUA EZEQUIEL LOPES CARDOSO 681          PARQUE GRAJA04843610SAO PAULO      SP                                  00000000 000032
10218464581000188884600228420    0000                         000000320000000000000109                     I0100001NS31325011700000000514303410000001N050816210000000000000000000000000000000000000000000000000000000000000100000000000000PAULO SERGIO DOS SANTOS                 RUA EZEQUIEL LOPES CARDOSO 681          PARQUE GRAJA04843610SAO PAULO      SP                                  00000000 000033
10218464581000188884600228420    0000                         000000330000000000000109                     I0100001NS31425011700000000514303410000001N050816210000000000000000000000000000000000000000000000000000000000000100000000000000PAULO SERGIO DOS SANTOS                 RUA EZEQUIEL LOPES CARDOSO 681          PARQUE GRAJA04843610SAO PAULO      SP                                  00000000 000034
10218464581000188884600228420    0000                         000000340000000000000109                     I0100001NS31525011700000000514303410000001N050816210000000000000000000000000000000000000000000000000000000000000100000000000000PAULO SERGIO DOS SANTOS                 RUA EZEQUIEL LOPES CARDOSO 681          PARQUE GRAJA04843610SAO PAULO      SP                                  00000000 000035
10218464581000188884600228420    0000                         000000350000000000000109                     I0100001NS31625011700000000514303410000001N050816210000000000000000000000000000000000000000000000000000000000000100000000000000PAULO SERGIO DOS SANTOS                 RUA EZEQUIEL LOPES CARDOSO 681          PARQUE GRAJA04843610SAO PAULO      SP                                  00000000 000036
10218464581000188884600228420    0000                         000000360000000000000109                     I0100001NS31725011700000000514303410000001N050816210000000000000000000000000000000000000000000000000000000000000100000000000000PAULO SERGIO DOS SANTOS                 RUA EZEQUIEL LOPES CARDOSO 681          PARQUE GRAJA04843610SAO PAULO      SP                                  00000000 000037
10218464581000188884600228420    0000                         000000370000000000000109                     I0100001NS31825011700000000514303410000001N050816210000000000000000000000000000000000000000000000000000000000000100000000000000PAULO SERGIO DOS SANTOS                 RUA EZEQUIEL LOPES CARDOSO 681          PARQUE GRAJA04843610SAO PAULO      SP                                  00000000 000038
10218464581000188884600228420    0000                         000000380000000000000109                     I0100001NS31925011700000000514303410000001N050816210000000000000000000000000000000000000000000000000000000000000100000000000000PAULO SERGIO DOS SANTOS                 RUA EZEQUIEL LOPES CARDOSO 681          PARQUE GRAJA04843610SAO PAULO      SP                                  00000000 000039
10218464581000188884600228420    0000                         000000390000000000000109                     I0100001NS32025011700000000514303410000001N050816210000000000000000000000000000000000000000000000000000000000000100000000000000PAULO SERGIO DOS SANTOS                 RUA EZEQUIEL LOPES CARDOSO 681          PARQUE GRAJA04843610SAO PAULO      SP                                  00000000 000040
10218464581000188884600228420    0000                         000000400000000000000109                     I0100001NS32125011700000000514303410000001N050816210000000000000000000000000000000000000000000000000000000000000100000000000000PAULO SERGIO DOS SANTOS                 RUA EZEQUIEL LOPES CARDOSO 681          PARQUE GRAJA04843610SAO PAULO      SP                                  00000000 000041
10218464581000188884600228420    0000                         000000410000000000000109                     I0100001NS32225011700000000514303410000001N050816210000000000000000000000000000000000000000000000000000000000000100000000000000PAULO SERGIO DOS SANTOS                 RUA EZEQUIEL LOPES CARDOSO 681          PARQUE GRAJA04843610SAO PAULO      SP                                  00000000 000042
10218464581000188884600228420    0000                         000000420000000000000109                     I0100001NS32325011700000000514303410000001N050816210000000000000000000000000000000000000000000000000000000000000100000000000000PAULO SERGIO DOS SANTOS                 RUA EZEQUIEL LOPES CARDOSO 681          PARQUE GRAJA04843610SAO PAULO      SP                                  00000000 000043
10218464581000188884600228420    0000                         000000430000000000000109                     I0100001NS32425011700000000514303410000001N050816210000000000000000000000000000000000000000000000000000000000000100000000000000PAULO SERGIO DOS SANTOS                 RUA EZEQUIEL LOPES CARDOSO 681          PARQUE GRAJA04843610SAO PAULO      SP                                  00000000 000044
10218464581000188884600228420    0000                         000000440000000000000109                     I0100001NS30123091600000001168763410000001N050816210000000000000000000000000000000000000000000000000000000000000100000000000000PAULO SERGIO DOS SANTOS                 RUA EZEQUIEL LOPES CARDOSO 681          PARQUE GRAJA04843610SAO PAULO      SP                                  00000000 000045
10218464581000188884600228420    0000                         000000450000000000000109                     I0100001NS30210101600000001168763410000001N050816210000000000000000000000000000000000000000000000000000000000000100000000000000PAULO SERGIO DOS SANTOS                 RUA EZEQUIEL LOPES CARDOSO 681          PARQUE GRAJA04843610SAO PAULO      SP                                  00000000 000046
10218464581000188884600228420    0000                         000000460000000000000109                     I0100001NS30310111600000001168763410000001N050816210000000000000000000000000000000000000000000000000000000000000100000000000000PAULO SERGIO DOS SANTOS                 RUA EZEQUIEL LOPES CARDOSO 681          PARQUE GRAJA04843610SAO PAULO      SP                                  00000000 000047
10218464581000188884600228420    0000                         000000470000000000000109                     I0100001NS30410121600000001168763410000001N050816210000000000000000000000000000000000000000000000000000000000000100000000000000PAULO SERGIO DOS SANTOS                 RUA EZEQUIEL LOPES CARDOSO 681          PARQUE GRAJA04843610SAO PAULO      SP                                  00000000 000048
10218464581000188884600228420    0000                         000000480000000000000109                     I0100001NS30510011700000001168763410000001N050816210000000000000000000000000000000000000000000000000000000000000100000000000000PAULO SERGIO DOS SANTOS                 RUA EZEQUIEL LOPES CARDOSO 681          PARQUE GRAJA04843610SAO PAULO      SP                                  00000000 000049
10218464581000188884600228420    0000                         000000490000000000000109                     I0100001NS30610011700000001168763410000001N050816210000000000000000000000000000000000000000000000000000000000000100000000000000PAULO SERGIO DOS SANTOS                 RUA EZEQUIEL LOPES CARDOSO 681          PARQUE GRAJA04843610SAO PAULO      SP                                  00000000 000050
10218464581000188884600228420    0000                         000000500000000000000109                     I0100001NS30710011700000001168763410000001N050816210000000000000000000000000000000000000000000000000000000000000100000000000000PAULO SERGIO DOS SANTOS                 RUA EZEQUIEL LOPES CARDOSO 681          PARQUE GRAJA04843610SAO PAULO      SP                                  00000000 000051
10218464581000188884600228420    0000                         000000510000000000000109                     I0100001NS30810011700000001168763410000001N050816210000000000000000000000000000000000000000000000000000000000000100000000000000PAULO SERGIO DOS SANTOS                 RUA EZEQUIEL LOPES CARDOSO 681          PARQUE GRAJA04843610SAO PAULO      SP                                  00000000 000052
10218464581000188884600228420    0000                         000000520000000000000109                     I0100001NS30910011700000001168763410000001N050816210000000000000000000000000000000000000000000000000000000000000100000000000000PAULO SERGIO DOS SANTOS                 RUA EZEQUIEL LOPES CARDOSO 681          PARQUE GRAJA04843610SAO PAULO      SP                                  00000000 000053
10218464581000188884600228420    0000                         000000530000000000000109                     I0100001NS31010011700000001168763410000001N050816210000000000000000000000000000000000000000000000000000000000000100000000000000PAULO SERGIO DOS SANTOS                 RUA EZEQUIEL LOPES CARDOSO 681          PARQUE GRAJA04843610SAO PAULO      SP                                  00000000 000054
10218464581000188884600228420    0000                         000000540000000000000109                     I0100001NS31110011700000001168763410000001N050816210000000000000000000000000000000000000000000000000000000000000100000000000000PAULO SERGIO DOS SANTOS                 RUA EZEQUIEL LOPES CARDOSO 681          PARQUE GRAJA04843610SAO PAULO      SP                                  00000000 000055
10218464581000188884600228420    0000                         000000550000000000000109                     I0100001NS31210011700000001168763410000001N050816210000000000000000000000000000000000000000000000000000000000000100000000000000PAULO SERGIO DOS SANTOS                 RUA EZEQUIEL LOPES CARDOSO 681          PARQUE GRAJA04843610SAO PAULO      SP                                  00000000 000056
10218464581000188884600228420    0000                         000000560000000000000109                     I0100001NS31310011700000001168763410000001N050816210000000000000000000000000000000000000000000000000000000000000100000000000000PAULO SERGIO DOS SANTOS                 RUA EZEQUIEL LOPES CARDOSO 681          PARQUE GRAJA04843610SAO PAULO      SP                                  00000000 000057
10218464581000188884600228420    0000                         000000570000000000000109                     I0100001NS31410011700000001168763410000001N050816210000000000000000000000000000000000000000000000000000000000000100000000000000PAULO SERGIO DOS SANTOS                 RUA EZEQUIEL LOPES CARDOSO 681          PARQUE GRAJA04843610SAO PAULO      SP                                  00000000 000058
10218464581000188884600228420    0000                         000000580000000000000109                     I0100001NS31510011700000001168763410000001N050816210000000000000000000000000000000000000000000000000000000000000100000000000000PAULO SERGIO DOS SANTOS                 RUA EZEQUIEL LOPES CARDOSO 681          PARQUE GRAJA04843610SAO PAULO      SP                                  00000000 000059
10218464581000188884600228420    0000                         000000590000000000000109                     I0100001NS31610011700000001168763410000001N050816210000000000000000000000000000000000000000000000000000000000000100000000000000PAULO SERGIO DOS SANTOS                 RUA EZEQUIEL LOPES CARDOSO 681          PARQUE GRAJA04843610SAO PAULO      SP                                  00000000 000060
10218464581000188884600228420    0000                         000000600000000000000109                     I0100001NS31710011700000001168763410000001N050816210000000000000000000000000000000000000000000000000000000000000100000000000000PAULO SERGIO DOS SANTOS                 RUA EZEQUIEL LOPES CARDOSO 681          PARQUE GRAJA04843610SAO PAULO      SP                                  00000000 000061
10218464581000188884600228420    0000                         000000610000000000000109                     I0100001NS31810011700000001168763410000001N050816210000000000000000000000000000000000000000000000000000000000000100000000000000PAULO SERGIO DOS SANTOS                 RUA EZEQUIEL LOPES CARDOSO 681          PARQUE GRAJA04843610SAO PAULO      SP                                  00000000 000062
10218464581000188884600228420    0000                         000000620000000000000109                     I0100001NS31910011700000001168763410000001N050816210000000000000000000000000000000000000000000000000000000000000100000000000000PAULO SERGIO DOS SANTOS                 RUA EZEQUIEL LOPES CARDOSO 681          PARQUE GRAJA04843610SAO PAULO      SP                                  00000000 000063
10218464581000188884600228420    0000                         000000630000000000000109                     I0100001NS32010011700000001168763410000001N050816210000000000000000000000000000000000000000000000000000000000000100000000000000PAULO SERGIO DOS SANTOS                 RUA EZEQUIEL LOPES CARDOSO 681          PARQUE GRAJA04843610SAO PAULO      SP                                  00000000 000064
10218464581000188884600228420    0000                         000000640000000000000109                     I0100001NS32110011700000001168763410000001N050816210000000000000000000000000000000000000000000000000000000000000100000000000000PAULO SERGIO DOS SANTOS                 RUA EZEQUIEL LOPES CARDOSO 681          PARQUE GRAJA04843610SAO PAULO      SP                                  00000000 000065
10218464581000188884600228420    0000                         000000650000000000000109                     I0100001NS32210011700000001168763410000001N050816210000000000000000000000000000000000000000000000000000000000000100000000000000PAULO SERGIO DOS SANTOS                 RUA EZEQUIEL LOPES CARDOSO 681          PARQUE GRAJA04843610SAO PAULO      SP                                  00000000 000066
10218464581000188884600228420    0000                         000000660000000000000109                     I0100001NS32310011700000001168763410000001N050816210000000000000000000000000000000000000000000000000000000000000100000000000000PAULO SERGIO DOS SANTOS                 RUA EZEQUIEL LOPES CARDOSO 681          PARQUE GRAJA04843610SAO PAULO      SP                                  00000000 000067
10218464581000188884600228420    0000                         000000670000000000000109                     I0100001NS32410011700000001168763410000001N050816210000000000000000000000000000000000000000000000000000000000000100000000000000PAULO SERGIO DOS SANTOS                 RUA EZEQUIEL LOPES CARDOSO 681          PARQUE GRAJA04843610SAO PAULO      SP                                  00000000 000068
10218464581000188884600228420    0000                         000000680000000000000109                     I0100001NS32510011700000001168763410000001N050816210000000000000000000000000000000000000000000000000000000000000100000000000000PAULO SERGIO DOS SANTOS                 RUA EZEQUIEL LOPES CARDOSO 681          PARQUE GRAJA04843610SAO PAULO      SP                                  00000000 000069
10218464581000188884600228420    0000                         000000690000000000000109                     I0100001NS32610011700000001168763410000001N050816210000000000000000000000000000000000000000000000000000000000000100000000000000PAULO SERGIO DOS SANTOS                 RUA EZEQUIEL LOPES CARDOSO 681          PARQUE GRAJA04843610SAO PAULO      SP                                  00000000 000070
10218464581000188884600228420    0000                         000000700000000000000109                     I0100001NS32710011700000001168763410000001N050816210000000000000000000000000000000000000000000000000000000000000100000000000000PAULO SERGIO DOS SANTOS                 RUA EZEQUIEL LOPES CARDOSO 681          PARQUE GRAJA04843610SAO PAULO      SP                                  00000000 000071
10218464581000188884600228420    0000                         000000710000000000000109                     I0100001NS32810011700000001168763410000001N050816210000000000000000000000000000000000000000000000000000000000000100000000000000PAULO SERGIO DOS SANTOS                 RUA EZEQUIEL LOPES CARDOSO 681          PARQUE GRAJA04843610SAO PAULO      SP                                  00000000 000072
10218464581000188884600228420    0000                         000000720000000000000109                     I0100001NS32910011700000001168763410000001N050816210000000000000000000000000000000000000000000000000000000000000100000000000000PAULO SERGIO DOS SANTOS                 RUA EZEQUIEL LOPES CARDOSO 681          PARQUE GRAJA04843610SAO PAULO      SP                                  00000000 000073
10218464581000188884600228420    0000                         000000730000000000000109                     I0100001NS33010011700000001168763410000001N050816210000000000000000000000000000000000000000000000000000000000000100000000000000PAULO SERGIO DOS SANTOS                 RUA EZEQUIEL LOPES CARDOSO 681          PARQUE GRAJA04843610SAO PAULO      SP                                  00000000 000074
10218464581000188884600228420    0000                         000000740000000000000109                     I0100001NS33110011700000001168763410000001N050816210000000000000000000000000000000000000000000000000000000000000100000000000000PAULO SERGIO DOS SANTOS                 RUA EZEQUIEL LOPES CARDOSO 681          PARQUE GRAJA04843610SAO PAULO      SP                                  00000000 000075
10218464581000188884600228420    0000                         000000750000000000000109                     I0100001NS33210011700000001168763410000001N050816210000000000000000000000000000000000000000000000000000000000000100000000000000PAULO SERGIO DOS SANTOS                 RUA EZEQUIEL LOPES CARDOSO 681          PARQUE GRAJA04843610SAO PAULO      SP                                  00000000 000076
10218464581000188884600228420    0000                         000000760000000000000109                     I0100001NS33310011700000001168763410000001N050816210000000000000000000000000000000000000000000000000000000000000100000000000000PAULO SERGIO DOS SANTOS                 RUA EZEQUIEL LOPES CARDOSO 681          PARQUE GRAJA04843610SAO PAULO      SP                                  00000000 000077
10218464581000188884600228420    0000                         000000770000000000000109                     I0100001NS33410011700000001168763410000001N050816210000000000000000000000000000000000000000000000000000000000000100000000000000PAULO SERGIO DOS SANTOS                 RUA EZEQUIEL LOPES CARDOSO 681          PARQUE GRAJA04843610SAO PAULO      SP                                  00000000 000078
10218464581000188884600228420    0000                         000000780000000000000109                     I0100001NS33510011700000001168763410000001N050816210000000000000000000000000000000000000000000000000000000000000100000000000000PAULO SERGIO DOS SANTOS                 RUA EZEQUIEL LOPES CARDOSO 681          PARQUE GRAJA04843610SAO PAULO      SP                                  00000000 000079
10218464581000188884600228420    0000                         000000790000000000000109                     I0100001NS33610011700000001168763410000001N050816210000000000000000000000000000000000000000000000000000000000000100000000000000PAULO SERGIO DOS SANTOS                 RUA EZEQUIEL LOPES CARDOSO 681          PARQUE GRAJA04843610SAO PAULO      SP                                  00000000 000080
10218464581000188884600228420    0000                         000000800000000000000109                     I0100001NS33710011700000001168763410000001N050816210000000000000000000000000000000000000000000000000000000000000100000000000000PAULO SERGIO DOS SANTOS                 RUA EZEQUIEL LOPES CARDOSO 681          PARQUE GRAJA04843610SAO PAULO      SP                                  00000000 000081
10218464581000188884600228420    0000                         000000810000000000000109                     I0100001NS30130081600000001441313410000001N060816210000000000000000000000000000000000000000000000000000000000000100000000000000PAULO SERGIO DOS SANTOS                 RUA EZEQUIEL LOPES CARDOSO 681          PARQUE GRAJA04843610SAO PAULO      SP                                  00000000 000082
10218464581000188884600228420    0000                         000000820000000000000109                     I0100001NS30215091600000001441313410000001N060816210000000000000000000000000000000000000000000000000000000000000100000000000000PAULO SERGIO DOS SANTOS                 RUA EZEQUIEL LOPES CARDOSO 681          PARQUE GRAJA04843610SAO PAULO      SP                                  00000000 000083
10218464581000188884600228420    0000                         000000830000000000000109                     I0100001NS30315101600000001441313410000001N060816210000000000000000000000000000000000000000000000000000000000000100000000000000PAULO SERGIO DOS SANTOS                 RUA EZEQUIEL LOPES CARDOSO 681          PARQUE GRAJA04843610SAO PAULO      SP                                  00000000 000084
10218464581000188884600228420    0000                         000000840000000000000109                     I0100001NS30415111600000001441313410000001N060816210000000000000000000000000000000000000000000000000000000000000100000000000000PAULO SERGIO DOS SANTOS                 RUA EZEQUIEL LOPES CARDOSO 681          PARQUE GRAJA04843610SAO PAULO      SP                                  00000000 000085
10218464581000188884600228420    0000                         000000850000000000000109                     I0100001NS30515121600000001441313410000001N060816210000000000000000000000000000000000000000000000000000000000000100000000000000PAULO SERGIO DOS SANTOS                 RUA EZEQUIEL LOPES CARDOSO 681          PARQUE GRAJA04843610SAO PAULO      SP                                  00000000 000086
10218464581000188884600228420    0000                         000000860000000000000109                     I0100001NS30615011700000001441313410000001N060816210000000000000000000000000000000000000000000000000000000000000100000000000000PAULO SERGIO DOS SANTOS                 RUA EZEQUIEL LOPES CARDOSO 681          PARQUE GRAJA04843610SAO PAULO      SP                                  00000000 000087
10218464581000188884600228420    0000                         000000870000000000000109                     I0100001NS30715021700000001441313410000001N060816210000000000000000000000000000000000000000000000000000000000000100000000000000PAULO SERGIO DOS SANTOS                 RUA EZEQUIEL LOPES CARDOSO 681          PARQUE GRAJA04843610SAO PAULO      SP                                  00000000 000088
10218464581000188884600228420    0000                         000000880000000000000109                     I0100001NS30815031700000001441313410000001N060816210000000000000000000000000000000000000000000000000000000000000100000000000000PAULO SERGIO DOS SANTOS                 RUA EZEQUIEL LOPES CARDOSO 681          PARQUE GRAJA04843610SAO PAULO      SP                                  00000000 000089
10218464581000188884600228420    0000                         000000890000000000000109                     I0100001NS30915041700000001441313410000001N060816210000000000000000000000000000000000000000000000000000000000000100000000000000PAULO SERGIO DOS SANTOS                 RUA EZEQUIEL LOPES CARDOSO 681          PARQUE GRAJA04843610SAO PAULO      SP                                  00000000 000090
10218464581000188884600228420    0000                         000000900000000000000109                     I0100001NS31015051700000001441313410000001N060816210000000000000000000000000000000000000000000000000000000000000100000000000000PAULO SERGIO DOS SANTOS                 RUA EZEQUIEL LOPES CARDOSO 681          PARQUE GRAJA04843610SAO PAULO      SP                                  00000000 000091
10218464581000188884600228420    0000                         000000910000000000000109                     I0100001NS31115061700000001441313410000001N060816210000000000000000000000000000000000000000000000000000000000000100000000000000PAULO SERGIO DOS SANTOS                 RUA EZEQUIEL LOPES CARDOSO 681          PARQUE GRAJA04843610SAO PAULO      SP                                  00000000 000092
10218464581000188884600228420    0000                         000000920000000000000109                     I0100001NS31215071700000001441313410000001N060816210000000000000000000000000000000000000000000000000000000000000100000000000000PAULO SERGIO DOS SANTOS                 RUA EZEQUIEL LOPES CARDOSO 681          PARQUE GRAJA04843610SAO PAULO      SP                                  00000000 000093
10218464581000188884600228420    0000                         000000930000000000000109                     I0100001NS31315081700000001441313410000001N060816210000000000000000000000000000000000000000000000000000000000000100000000000000PAULO SERGIO DOS SANTOS                 RUA EZEQUIEL LOPES CARDOSO 681          PARQUE GRAJA04843610SAO PAULO      SP                                  00000000 000094
10218464581000188884600228420    0000                         000000940000000000000109                     I0100001NS31415091700000001441313410000001N060816210000000000000000000000000000000000000000000000000000000000000100000000000000PAULO SERGIO DOS SANTOS                 RUA EZEQUIEL LOPES CARDOSO 681          PARQUE GRAJA04843610SAO PAULO      SP                                  00000000 000095
10218464581000188884600228420    0000                         000000950000000000000109                     I0100001NS31515101700000001441313410000001N060816210000000000000000000000000000000000000000000000000000000000000100000000000000PAULO SERGIO DOS SANTOS                 RUA EZEQUIEL LOPES CARDOSO 681          PARQUE GRAJA04843610SAO PAULO      SP                                  00000000 000096
10218464581000188884600228420    0000                         000000960000000000000109                     I0100001NS31615111700000001441313410000001N060816210000000000000000000000000000000000000000000000000000000000000100000000000000PAULO SERGIO DOS SANTOS                 RUA EZEQUIEL LOPES CARDOSO 681          PARQUE GRAJA04843610SAO PAULO      SP                                  00000000 000097
10218464581000188884600228420    0000                         000000970000000000000109                     I0100001NS31715121700000001441313410000001N060816210000000000000000000000000000000000000000000000000000000000000100000000000000PAULO SERGIO DOS SANTOS                 RUA EZEQUIEL LOPES CARDOSO 681          PARQUE GRAJA04843610SAO PAULO      SP                                  00000000 000098
10218464581000188884600228420    0000                         000000980000000000000109                     I0100001NS31815011800000001441313410000001N060816210000000000000000000000000000000000000000000000000000000000000100000000000000PAULO SERGIO DOS SANTOS                 RUA EZEQUIEL LOPES CARDOSO 681          PARQUE GRAJA04843610SAO PAULO      SP                                  00000000 000099
10218464581000188884600228420    0000                         000000990000000000000109                     I0100001NS31915021800000001441313410000001N060816210000000000000000000000000000000000000000000000000000000000000100000000000000PAULO SERGIO DOS SANTOS                 RUA EZEQUIEL LOPES CARDOSO 681          PARQUE GRAJA04843610SAO PAULO      SP                                  00000000 000100
10218464581000188884600228420    0000                         000001000000000000000109                     I0100001NS32015031800000001441313410000001N060816210000000000000000000000000000000000000000000000000000000000000100000000000000PAULO SERGIO DOS SANTOS                 RUA EZEQUIEL LOPES CARDOSO 681          PARQUE GRAJA04843610SAO PAULO      SP                                  00000000 000101
10218464581000188884600228420    0000                         000001010000000000000109                     I0100001NS32115041800000001441313410000001N060816210000000000000000000000000000000000000000000000000000000000000100000000000000PAULO SERGIO DOS SANTOS                 RUA EZEQUIEL LOPES CARDOSO 681          PARQUE GRAJA04843610SAO PAULO      SP                                  00000000 000102
10218464581000188884600228420    0000                         000001020000000000000109                     I0100001NS32215051800000001441313410000001N060816210000000000000000000000000000000000000000000000000000000000000100000000000000PAULO SERGIO DOS SANTOS                 RUA EZEQUIEL LOPES CARDOSO 681          PARQUE GRAJA04843610SAO PAULO      SP                                  00000000 000103
10218464581000188884600228420    0000                         000001030000000000000109                     I0100001NS32315061800000001441313410000001N060816210000000000000000000000000000000000000000000000000000000000000100000000000000PAULO SERGIO DOS SANTOS                 RUA EZEQUIEL LOPES CARDOSO 681          PARQUE GRAJA04843610SAO PAULO      SP                                  00000000 000104
10218464581000188884600228420    0000                         000001040000000000000109                     I0100001NS32415071800000001441313410000001N060816210000000000000000000000000000000000000000000000000000000000000100000000000000PAULO SERGIO DOS SANTOS                 RUA EZEQUIEL LOPES CARDOSO 681          PARQUE GRAJA04843610SAO PAULO      SP                                  00000000 000105
10218464581000188884600228420    0000                         000001050000000000000109                     I0100001NS32515081800000001441313410000001N060816210000000000000000000000000000000000000000000000000000000000000100000000000000PAULO SERGIO DOS SANTOS                 RUA EZEQUIEL LOPES CARDOSO 681          PARQUE GRAJA04843610SAO PAULO      SP                                  00000000 000106
10218464581000188884600228420    0000                         000001060000000000000109                     I0100001NS32615091800000001441313410000001N060816210000000000000000000000000000000000000000000000000000000000000100000000000000PAULO SERGIO DOS SANTOS                 RUA EZEQUIEL LOPES CARDOSO 681          PARQUE GRAJA04843610SAO PAULO      SP                                  00000000 000107
10218464581000188884600228420    0000                         000001070000000000000109                     I0100001NS32715101800000001441313410000001N060816210000000000000000000000000000000000000000000000000000000000000100000000000000PAULO SERGIO DOS SANTOS                 RUA EZEQUIEL LOPES CARDOSO 681          PARQUE GRAJA04843610SAO PAULO      SP                                  00000000 000108
10218464581000188884600228420    0000                         000001080000000000000109                     I0100001NS32815111800000001441313410000001N060816210000000000000000000000000000000000000000000000000000000000000100000000000000PAULO SERGIO DOS SANTOS                 RUA EZEQUIEL LOPES CARDOSO 681          PARQUE GRAJA04843610SAO PAULO      SP                                  00000000 000109
10218464581000188884600228420    0000                         000001090000000000000109                     I0100001NS32915121800000001441313410000001N060816210000000000000000000000000000000000000000000000000000000000000100000000000000PAULO SERGIO DOS SANTOS                 RUA EZEQUIEL LOPES CARDOSO 681          PARQUE GRAJA04843610SAO PAULO      SP                                  00000000 000110
10218464581000188884600228420    0000                         000001100000000000000109                     I0100001NS33015011900000001441313410000001N060816210000000000000000000000000000000000000000000000000000000000000100000000000000PAULO SERGIO DOS SANTOS                 RUA EZEQUIEL LOPES CARDOSO 681          PARQUE GRAJA04843610SAO PAULO      SP                                  00000000 000111
10218464581000188884600228420    0000                         000001110000000000000109                     I0100001NS30123081600000028784893410000001N060816210000000000000000000000000000000000000000000000000000000000000100000000000000PAULO SERGIO DOS SANTOS                 RUA EZEQUIEL LOPES CARDOSO 681          PARQUE GRAJA04843610SAO PAULO      SP                                  00000000 000112
10218464581000188884600228420    0000                         000001120000000000000109                     I0100001NS30225091600000028784893410000001N060816210000000000000000000000000000000000000000000000000000000000000100000000000000PAULO SERGIO DOS SANTOS                 RUA EZEQUIEL LOPES CARDOSO 681          PARQUE GRAJA04843610SAO PAULO      SP                                  00000000 000113
10218464581000188884600228420    0000                         000001130000000000000109                     I0100001NS30325101600000028784893410000001N060816210000000000000000000000000000000000000000000000000000000000000100000000000000PAULO SERGIO DOS SANTOS                 RUA EZEQUIEL LOPES CARDOSO 681          PARQUE GRAJA04843610SAO PAULO      SP                                  00000000 000114
10218464581000188884600228420    0000                         000001140000000000000109                     I0100001NS30130081600000002118573410000001N060816210000000000000000000000000000000000000000000000000000000000000100000000000000PAULO SERGIO DOS SANTOS                 RUA EZEQUIEL LOPES CARDOSO 681          PARQUE GRAJA04843610SAO PAULO      SP                                  00000000 000115
10218464581000188884600228420    0000                         000001150000000000000109                     I0100001NS30210091600000002118573410000001N060816210000000000000000000000000000000000000000000000000000000000000100000000000000PAULO SERGIO DOS SANTOS                 RUA EZEQUIEL LOPES CARDOSO 681          PARQUE GRAJA04843610SAO PAULO      SP                                  00000000 000116
10218464581000188884600228420    0000                         000001160000000000000109                     I0100001NS30310101600000002118573410000001N060816210000000000000000000000000000000000000000000000000000000000000100000000000000PAULO SERGIO DOS SANTOS                 RUA EZEQUIEL LOPES CARDOSO 681          PARQUE GRAJA04843610SAO PAULO      SP                                  00000000 000117
10218464581000188884600228420    0000                         000001170000000000000109                     I0100001NS30410111600000002118573410000001N060816210000000000000000000000000000000000000000000000000000000000000100000000000000PAULO SERGIO DOS SANTOS                 RUA EZEQUIEL LOPES CARDOSO 681          PARQUE GRAJA04843610SAO PAULO      SP                                  00000000 000118
10218464581000188884600228420    0000                         000001180000000000000109                     I0100001NS30510121600000002118573410000001N060816210000000000000000000000000000000000000000000000000000000000000100000000000000PAULO SERGIO DOS SANTOS                 RUA EZEQUIEL LOPES CARDOSO 681          PARQUE GRAJA04843610SAO PAULO      SP                                  00000000 000119
10218464581000188884600228420    0000                         000001190000000000000109                     I0100001NS30610011700000002118573410000001N060816210000000000000000000000000000000000000000000000000000000000000100000000000000PAULO SERGIO DOS SANTOS                 RUA EZEQUIEL LOPES CARDOSO 681          PARQUE GRAJA04843610SAO PAULO      SP                                  00000000 000120
10218464581000188884600228420    0000                         000001200000000000000109                     I0100001NS30710021700000002118573410000001N060816210000000000000000000000000000000000000000000000000000000000000100000000000000PAULO SERGIO DOS SANTOS                 RUA EZEQUIEL LOPES CARDOSO 681          PARQUE GRAJA04843610SAO PAULO      SP                                  00000000 000121
10218464581000188884600228420    0000                         000001210000000000000109                     I0100001NS30810031700000002118573410000001N060816210000000000000000000000000000000000000000000000000000000000000100000000000000PAULO SERGIO DOS SANTOS                 RUA EZEQUIEL LOPES CARDOSO 681          PARQUE GRAJA04843610SAO PAULO      SP                                  00000000 000122
10218464581000188884600228420    0000                         000001220000000000000109                     I0100001NS30910041700000002118573410000001N060816210000000000000000000000000000000000000000000000000000000000000100000000000000PAULO SERGIO DOS SANTOS                 RUA EZEQUIEL LOPES CARDOSO 681          PARQUE GRAJA04843610SAO PAULO      SP                                  00000000 000123
10218464581000188884600228420    0000                         000001230000000000000109                     I0100001NS31010051700000002118573410000001N060816210000000000000000000000000000000000000000000000000000000000000100000000000000PAULO SERGIO DOS SANTOS                 RUA EZEQUIEL LOPES CARDOSO 681          PARQUE GRAJA04843610SAO PAULO      SP                                  00000000 000124
10218464581000188884600228420    0000                         000001240000000000000109                     I0100001NS31110061700000002118573410000001N060816210000000000000000000000000000000000000000000000000000000000000100000000000000PAULO SERGIO DOS SANTOS                 RUA EZEQUIEL LOPES CARDOSO 681          PARQUE GRAJA04843610SAO PAULO      SP                                  00000000 000125
10218464581000188884600228420    0000                         000001250000000000000109                     I0100001NS31210071700000002118573410000001N060816210000000000000000000000000000000000000000000000000000000000000100000000000000PAULO SERGIO DOS SANTOS                 RUA EZEQUIEL LOPES CARDOSO 681          PARQUE GRAJA04843610SAO PAULO      SP                                  00000000 000126
10218464581000188884600228420    0000                         000001260000000000000109                     I0100001NS31310081700000002118573410000001N060816210000000000000000000000000000000000000000000000000000000000000100000000000000PAULO SERGIO DOS SANTOS                 RUA EZEQUIEL LOPES CARDOSO 681          PARQUE GRAJA04843610SAO PAULO      SP                                  00000000 000127
10218464581000188884600228420    0000                         000001270000000000000109                     I0100001NS31410091700000002118573410000001N060816210000000000000000000000000000000000000000000000000000000000000100000000000000PAULO SERGIO DOS SANTOS                 RUA EZEQUIEL LOPES CARDOSO 681          PARQUE GRAJA04843610SAO PAULO      SP                                  00000000 000128
10218464581000188884600228420    0000                         000001280000000000000109                     I0100001NS31510101700000002118573410000001N060816210000000000000000000000000000000000000000000000000000000000000100000000000000PAULO SERGIO DOS SANTOS                 RUA EZEQUIEL LOPES CARDOSO 681          PARQUE GRAJA04843610SAO PAULO      SP                                  00000000 000129
10218464581000188884600228420    0000                         000001290000000000000109                     I0100001NS31610111700000002118573410000001N060816210000000000000000000000000000000000000000000000000000000000000100000000000000PAULO SERGIO DOS SANTOS                 RUA EZEQUIEL LOPES CARDOSO 681          PARQUE GRAJA04843610SAO PAULO      SP                                  00000000 000130
10218464581000188884600228420    0000                         000001300000000000000109                     I0100001NS31710121700000002118573410000001N060816210000000000000000000000000000000000000000000000000000000000000100000000000000PAULO SERGIO DOS SANTOS                 RUA EZEQUIEL LOPES CARDOSO 681          PARQUE GRAJA04843610SAO PAULO      SP                                  00000000 000131
10218464581000188884600228420    0000                         000001310000000000000109                     I0100001NS31810011800000002118573410000001N060816210000000000000000000000000000000000000000000000000000000000000100000000000000PAULO SERGIO DOS SANTOS                 RUA EZEQUIEL LOPES CARDOSO 681          PARQUE GRAJA04843610SAO PAULO      SP                                  00000000 000132
10218464581000188884600228420    0000                         000001320000000000000109                     I0100001NS31910021800000002118573410000001N060816210000000000000000000000000000000000000000000000000000000000000100000000000000PAULO SERGIO DOS SANTOS                 RUA EZEQUIEL LOPES CARDOSO 681          PARQUE GRAJA04843610SAO PAULO      SP                                  00000000 000133
10218464581000188884600228420    0000                         000001330000000000000109                     I0100001NS32010031800000002118573410000001N060816210000000000000000000000000000000000000000000000000000000000000100000000000000PAULO SERGIO DOS SANTOS                 RUA EZEQUIEL LOPES CARDOSO 681          PARQUE GRAJA04843610SAO PAULO      SP                                  00000000 000134
10218464581000188884600228420    0000                         000001340000000000000109                     I0100001NS32110041800000002118573410000001N060816210000000000000000000000000000000000000000000000000000000000000100000000000000PAULO SERGIO DOS SANTOS                 RUA EZEQUIEL LOPES CARDOSO 681          PARQUE GRAJA04843610SAO PAULO      SP                                  00000000 000135
10218464581000188884600228420    0000                         000001350000000000000109                     I0100001NS32210051800000002118573410000001N060816210000000000000000000000000000000000000000000000000000000000000100000000000000PAULO SERGIO DOS SANTOS                 RUA EZEQUIEL LOPES CARDOSO 681          PARQUE GRAJA04843610SAO PAULO      SP                                  00000000 000136
10218464581000188884600228420    0000                         000001360000000000000109                     I0100001NS32310061800000002118573410000001N060816210000000000000000000000000000000000000000000000000000000000000100000000000000PAULO SERGIO DOS SANTOS                 RUA EZEQUIEL LOPES CARDOSO 681          PARQUE GRAJA04843610SAO PAULO      SP                                  00000000 000137
10218464581000188884600228420    0000                         000001370000000000000109                     I0100001NS32410071800000002118573410000001N060816210000000000000000000000000000000000000000000000000000000000000100000000000000PAULO SERGIO DOS SANTOS                 RUA EZEQUIEL LOPES CARDOSO 681          PARQUE GRAJA04843610SAO PAULO      SP                                  00000000 000138
10218464581000188884600228420    0000                         000001380000000000000109                     I0100001NS32510081800000002118573410000001N060816210000000000000000000000000000000000000000000000000000000000000100000000000000PAULO SERGIO DOS SANTOS                 RUA EZEQUIEL LOPES CARDOSO 681          PARQUE GRAJA04843610SAO PAULO      SP                                  00000000 000139
10218464581000188884600228420    0000                         000001390000000000000109                     I0100001NS32610091800000002118573410000001N060816210000000000000000000000000000000000000000000000000000000000000100000000000000PAULO SERGIO DOS SANTOS                 RUA EZEQUIEL LOPES CARDOSO 681          PARQUE GRAJA04843610SAO PAULO      SP                                  00000000 000140
10218464581000188884600228420    0000                         000001400000000000000109                     I0100001NS32710101800000002118573410000001N060816210000000000000000000000000000000000000000000000000000000000000100000000000000PAULO SERGIO DOS SANTOS                 RUA EZEQUIEL LOPES CARDOSO 681          PARQUE GRAJA04843610SAO PAULO      SP                                  00000000 000141
10218464581000188884600228420    0000                         000001410000000000000109                     I0100001NS32810111800000002118573410000001N060816210000000000000000000000000000000000000000000000000000000000000100000000000000PAULO SERGIO DOS SANTOS                 RUA EZEQUIEL LOPES CARDOSO 681          PARQUE GRAJA04843610SAO PAULO      SP                                  00000000 000142
10218464581000188884600228420    0000                         000001420000000000000109                     I0100001NS32910121800000002118573410000001N060816210000000000000000000000000000000000000000000000000000000000000100000000000000PAULO SERGIO DOS SANTOS                 RUA EZEQUIEL LOPES CARDOSO 681          PARQUE GRAJA04843610SAO PAULO      SP                                  00000000 000143
10218464581000188884600228420    0000                         000001430000000000000109                     I0100001NS33010011900000002118573410000001N060816210000000000000000000000000000000000000000000000000000000000000100000000000000PAULO SERGIO DOS SANTOS                 RUA EZEQUIEL LOPES CARDOSO 681          PARQUE GRAJA04843610SAO PAULO      SP                                  00000000 000144
10218464581000188884600228420    0000                         000001440000000000000109                     I0100001NS33110021900000002118573410000001N060816210000000000000000000000000000000000000000000000000000000000000100000000000000PAULO SERGIO DOS SANTOS                 RUA EZEQUIEL LOPES CARDOSO 681          PARQUE GRAJA04843610SAO PAULO      SP                                  00000000 000145
10218464581000188884600228420    0000                         000001450000000000000109                     I0100001NS33210031900000002118573410000001N060816210000000000000000000000000000000000000000000000000000000000000100000000000000PAULO SERGIO DOS SANTOS                 RUA EZEQUIEL LOPES CARDOSO 681          PARQUE GRAJA04843610SAO PAULO      SP                                  00000000 000146
10218464581000188884600228420    0000                         000001460000000000000109                     I0100001NS33310041900000002118573410000001N060816210000000000000000000000000000000000000000000000000000000000000100000000000000PAULO SERGIO DOS SANTOS                 RUA EZEQUIEL LOPES CARDOSO 681          PARQUE GRAJA04843610SAO PAULO      SP                                  00000000 000147
10218464581000188884600228420    0000                         000001470000000000000109                     I0100001NS33410051900000002118573410000001N060816210000000000000000000000000000000000000000000000000000000000000100000000000000PAULO SERGIO DOS SANTOS                 RUA EZEQUIEL LOPES CARDOSO 681          PARQUE GRAJA04843610SAO PAULO      SP                                  00000000 000148
10218464581000188884600228420    0000                         000001480000000000000109                     I0100001NS33510061900000002118573410000001N060816210000000000000000000000000000000000000000000000000000000000000100000000000000PAULO SERGIO DOS SANTOS                 RUA EZEQUIEL LOPES CARDOSO 681          PARQUE GRAJA04843610SAO PAULO      SP                                  00000000 000149
10218464581000188884600228420    0000                         000001490000000000000109                     I0100001NS33610071900000002118573410000001N060816210000000000000000000000000000000000000000000000000000000000000100000000000000PAULO SERGIO DOS SANTOS                 RUA EZEQUIEL LOPES CARDOSO 681          PARQUE GRAJA04843610SAO PAULO      SP                                  00000000 000150
10218464581000188884600228420    0000                         000001500000000000000109                     I0100001NS33710081900000002118573410000001N060816210000000000000000000000000000000000000000000000000000000000000100000000000000PAULO SERGIO DOS SANTOS                 RUA EZEQUIEL LOPES CARDOSO 681          PARQUE GRAJA04843610SAO PAULO      SP                                  00000000 000151
10218464581000188884600228420    0000                         000001510000000000000109                     I0100001NS33810091900000002118573410000001N060816210000000000000000000000000000000000000000000000000000000000000100000000000000PAULO SERGIO DOS SANTOS                 RUA EZEQUIEL LOPES CARDOSO 681          PARQUE GRAJA04843610SAO PAULO      SP                                  00000000 000152
10218464581000188884600228420    0000                         000001520000000000000109                     I0100001NS33910101900000002118573410000001N060816210000000000000000000000000000000000000000000000000000000000000100000000000000PAULO SERGIO DOS SANTOS                 RUA EZEQUIEL LOPES CARDOSO 681          PARQUE GRAJA04843610SAO PAULO      SP                                  00000000 000153
10218464581000188884600228420    0000                         000001530000000000000109                     I0100001NS34010111900000002118573410000001N060816210000000000000000000000000000000000000000000000000000000000000100000000000000PAULO SERGIO DOS SANTOS                 RUA EZEQUIEL LOPES CARDOSO 681          PARQUE GRAJA04843610SAO PAULO      SP                                  00000000 000154
10218464581000188884600228420    0000                         000001540000000000000109                     I0100001NS34110121900000002118573410000001N060816210000000000000000000000000000000000000000000000000000000000000100000000000000PAULO SERGIO DOS SANTOS                 RUA EZEQUIEL LOPES CARDOSO 681          PARQUE GRAJA04843610SAO PAULO      SP                                  00000000 000155
10218464581000188884600228420    0000                         000001550000000000000109                     I0100001NS34210012000000002118573410000001N060816210000000000000000000000000000000000000000000000000000000000000100000000000000PAULO SERGIO DOS SANTOS                 RUA EZEQUIEL LOPES CARDOSO 681          PARQUE GRAJA04843610SAO PAULO      SP                                  00000000 000156
10218464581000188884600228420    0000                         000001560000000000000109                     I0100001NS34310022000000002118573410000001N060816210000000000000000000000000000000000000000000000000000000000000100000000000000PAULO SERGIO DOS SANTOS                 RUA EZEQUIEL LOPES CARDOSO 681          PARQUE GRAJA04843610SAO PAULO      SP                                  00000000 000157
10218464581000188884600228420    0000                         000001570000000000000109                     I0100001NS34410032000000002118573410000001N060816210000000000000000000000000000000000000000000000000000000000000100000000000000PAULO SERGIO DOS SANTOS                 RUA EZEQUIEL LOPES CARDOSO 681          PARQUE GRAJA04843610SAO PAULO      SP                                  00000000 000158
10218464581000188884600228420    0000                         000001580000000000000109                     I0100001NS34510042000000002118573410000001N060816210000000000000000000000000000000000000000000000000000000000000100000000000000PAULO SERGIO DOS SANTOS                 RUA EZEQUIEL LOPES CARDOSO 681          PARQUE GRAJA04843610SAO PAULO      SP                                  00000000 000159
10218464581000188884600228420    0000                         000001590000000000000109                     I0100001NS34610052000000002118573410000001N060816210000000000000000000000000000000000000000000000000000000000000100000000000000PAULO SERGIO DOS SANTOS                 RUA EZEQUIEL LOPES CARDOSO 681          PARQUE GRAJA04843610SAO PAULO      SP                                  00000000 000160
10218464581000188884600228420    0000                         000001600000000000000109                     I0100001NS30131081600000000050003410000001N070816210000000000000000000000000000000000000000000000000000000000000100000000000000PAULO SERGIO DOS SANTOS                 RUA EZEQUIEL LOPES CARDOSO 681          PARQUE GRAJA04843610SAO PAULO      SP                                  00000000 000161
10218464581000188884600228420    0000                         000001610000000000000109                     I0100001NS30131081600000000100003410000001N070816210000000000000000000000000000000000000000000000000000000000000100000000000000PAULO SERGIO DOS SANTOS                 RUA EZEQUIEL LOPES CARDOSO 681          PARQUE GRAJA04843610SAO PAULO      SP                                  00000000 000162
10218464581000188884600228420    0000                         000001620000000000000109                     I0100001NS30131081600000000150003410000001N070816210000000000000000000000000000000000000000000000000000000000000100000000000000PAULO SERGIO DOS SANTOS                 RUA EZEQUIEL LOPES CARDOSO 681          PARQUE GRAJA04843610SAO PAULO      SP                                  00000000 000163
10218464581000188884600228420    0000                         000001630000000000000109                     I0100001NS30131081600000000200003410000001N070816210000000000000000000000000000000000000000000000000000000000000100000000000000PAULO SERGIO DOS SANTOS                 RUA EZEQUIEL LOPES CARDOSO 681          PARQUE GRAJA04843610SAO PAULO      SP                                  00000000 000164
10218464581000188884600228420    0000                         000001640000000000000109                     I0100001NS30131081600000000080003410000001N070816210000000000000000000000000000000000000000000000000000000000000100000000000000PAULO SERGIO DOS SANTOS                 RUA EZEQUIEL LOPES CARDOSO 681          PARQUE GRAJA04843610SAO PAULO      SP                                  00000000 000165
10218464581000188884600228420    0000                         000001650000000000000109                     I0100001NS30131081600000000025003410000001N070816210000000000000000000000000000000000000000000000000000000000000100000000000000PAULO SERGIO DOS SANTOS                 RUA EZEQUIEL LOPES CARDOSO 681          PARQUE GRAJA04843610SAO PAULO      SP                                  00000000 000166
10218464581000188884600228420    0000                         000001660000000000000109                     I0100001NS30131081600000000030003410000001N070816210000000000000000000000000000000000000000000000000000000000000100000000000000PAULO SERGIO DOS SANTOS                 RUA EZEQUIEL LOPES CARDOSO 681          PARQUE GRAJA04843610SAO PAULO      SP                                  00000000 000167
10218464581000188884600228420    0000                         000001670000000000000109                     I0100001NS30131081600000000060003410000001N070816210000000000000000000000000000000000000000000000000000000000000100000000000000PAULO SERGIO DOS SANTOS                 RUA EZEQUIEL LOPES CARDOSO 681          PARQUE GRAJA04843610SAO PAULO      SP                                  00000000 000168
10218464581000188884600228420    0000                         000001680000000000000109                     I0100001NS30225091600000000060003410000001N070816210000000000000000000000000000000000000000000000000000000000000100000000000000PAULO SERGIO DOS SANTOS                 RUA EZEQUIEL LOPES CARDOSO 681          PARQUE GRAJA04843610SAO PAULO      SP                                  00000000 000169
10218464581000188884600228420    0000                         000001690000000000000109                     I0100001NS30325101600000000060003410000001N070816210000000000000000000000000000000000000000000000000000000000000100000000000000PAULO SERGIO DOS SANTOS                 RUA EZEQUIEL LOPES CARDOSO 681          PARQUE GRAJA04843610SAO PAULO      SP                                  00000000 000170
10218464581000188884600228420    0000                         000001700000000000000109                     I0100001NS30131081600000000070003410000001N070816210000000000000000000000000000000000000000000000000000000000000100000000000000PAULO SERGIO DOS SANTOS                 RUA EZEQUIEL LOPES CARDOSO 681          PARQUE GRAJA04843610SAO PAULO      SP                                  00000000 000171
10218464581000188884600228420    0000                         000001710000000000000109                     I0100001NS30225091600000000070003410000001N070816210000000000000000000000000000000000000000000000000000000000000100000000000000PAULO SERGIO DOS SANTOS                 RUA EZEQUIEL LOPES CARDOSO 681          PARQUE GRAJA04843610SAO PAULO      SP                                  00000000 000172
10218464581000188884600228420    0000                         000001720000000000000109                     I0100001NS30325101600000000070003410000001N070816210000000000000000000000000000000000000000000000000000000000000100000000000000PAULO SERGIO DOS SANTOS                 RUA EZEQUIEL LOPES CARDOSO 681          PARQUE GRAJA04843610SAO PAULO      SP                                  00000000 000173
10218464581000188884600228420    0000                         000001730000000000000109                     I0100001NS30125081600000000050003410000001N080816210000000000000000000000000000000000000000000000000000000000000100000000000000PAULO SERGIO DOS SANTOS                 RUA EZEQUIEL LOPES CARDOSO 681          PARQUE GRAJA04843610SAO PAULO      SP                                  00000000 000174
10218464581000188884600228420    0000                         000001740000000000000109                     I0100001NS30112081600000000030003410000001N080816210000000000000000000000000000000000000000000000000000000000000100000000000000PAULO SERGIO DOS SANTOS                 RUA EZEQUIEL LOPES CARDOSO 681          PARQUE GRAJA04843610SAO PAULO      SP                                  00000000 000175
10218464581000188884600228420    0000                         000001750000000000000109                     I0100001NS30113081600000000030003410000001N080816210000000000000000000000000000000000000000000000000000000000000100000000000000PAULO SERGIO DOS SANTOS                 RUA EZEQUIEL LOPES CARDOSO 681          PARQUE GRAJA04843610SAO PAULO      SP                                  00000000 000176
10218464581000188884600228420    0000                         000001760000000000000109                     I0100001NS30120081600000000020003410000001N080816210000000000000000000000000000000000000000000000000000000000000100000000000000PAULO SERGIO DOS SANTOS                 RUA EZEQUIEL LOPES CARDOSO 681          PARQUE GRAJA04843610SAO PAULO      SP                                  00000000 000177
10218464581000188884600228420    0000                         000001770000000000000109                     I0100001NS30131081600000000090003410000001N080816210000000000000000000000000000000000000000000000000000000000000100000000000000PAULO SERGIO DOS SANTOS                 RUA EZEQUIEL LOPES CARDOSO 681          PARQUE GRAJA04843610SAO PAULO      SP                                  00000000 000178
10218464581000188884600228420    0000                         000001780000000000000109                     I0100001NS30130091600000000005003410000001N080816210000000000000000000000000000000000000000000000000000000000000100000000000000PAULO SERGIO DOS SANTOS                 RUA EZEQUIEL LOPES CARDOSO 681          PARQUE GRAJA04843610SAO PAULO      SP                                  00000000 000179
10218464581000188884600228420    0000                         000001790000000000000109                     I0100001NS30120081600000000050003410000001N080816210000000000000000000000000000000000000000000000000000000000000100000000000000PAULO SERGIO DOS SANTOS                 RUA EZEQUIEL LOPES CARDOSO 681          PARQUE GRAJA04843610SAO PAULO      SP                                  00000000 000180
10218464581000188884600228420    0000                         000001800000000000000109                     I0100002NS30125081600000012570503410000001N080816210000000000000000000000000000000000000000000000000000000000000100000000000000GUILHERME SOMBRA C. DA SILVA            RUA CALIFORNIA 177                      JARDIM SANTO06823020EMBU DAS ARTES SP                                  00000000 000181
10218464581000188884600228420    0000                         000001810000000000000109                     I0100001NS30131081600000000035003410000001N080816210000000000000000000000000000000000000000000000000000000000000100000000000000PAULO SERGIO DOS SANTOS                 RUA EZEQUIEL LOPES CARDOSO 681          PARQUE GRAJA04843610SAO PAULO      SP                                  00000000 000182
10218464581000188884600228420    0000                         000001820000000000000109                     I0100001NS30215091600000000035003410000001N080816210000000000000000000000000000000000000000000000000000000000000100000000000000PAULO SERGIO DOS SANTOS                 RUA EZEQUIEL LOPES CARDOSO 681          PARQUE GRAJA04843610SAO PAULO      SP                                  00000000 000183
10218464581000188884600228420    0000                         000001830000000000000109                     I0100001NS30315101600000000035003410000001N080816210000000000000000000000000000000000000000000000000000000000000100000000000000PAULO SERGIO DOS SANTOS                 RUA EZEQUIEL LOPES CARDOSO 681          PARQUE GRAJA04843610SAO PAULO      SP                                  00000000 000184
10218464581000188884600228420    0000                         000001840000000000000109                     I0100001NS30415111600000000035003410000001N080816210000000000000000000000000000000000000000000000000000000000000100000000000000PAULO SERGIO DOS SANTOS                 RUA EZEQUIEL LOPES CARDOSO 681          PARQUE GRAJA04843610SAO PAULO      SP                                  00000000 000185
10218464581000188884600228420    0000                         000001850000000000000109                     I0100001NS30515121600000000035003410000001N080816210000000000000000000000000000000000000000000000000000000000000100000000000000PAULO SERGIO DOS SANTOS                 RUA EZEQUIEL LOPES CARDOSO 681          PARQUE GRAJA04843610SAO PAULO      SP                                  00000000 000186
10218464581000188884600228420    0000                         000001860000000000000109                     I0100001NS30615011700000000035003410000001N080816210000000000000000000000000000000000000000000000000000000000000100000000000000PAULO SERGIO DOS SANTOS                 RUA EZEQUIEL LOPES CARDOSO 681          PARQUE GRAJA04843610SAO PAULO      SP                                  00000000 000187
10218464581000188884600228420    0000                         000001870000000000000109                     I0100001NS30131081600000000040003410000001N080816210000000000000000000000000000000000000000000000000000000000000100000000000000PAULO SERGIO DOS SANTOS                 RUA EZEQUIEL LOPES CARDOSO 681          PARQUE GRAJA04843610SAO PAULO      SP                                  00000000 000188
10218464581000188884600228420    0000                         000001880000000000000109                     I0100001NS30220091600000000040003410000001N080816210000000000000000000000000000000000000000000000000000000000000100000000000000PAULO SERGIO DOS SANTOS                 RUA EZEQUIEL LOPES CARDOSO 681          PARQUE GRAJA04843610SAO PAULO      SP                                  00000000 000189
10218464581000188884600228420    0000                         000001890000000000000109                     I0100001NS30320101600000000040003410000001N080816210000000000000000000000000000000000000000000000000000000000000100000000000000PAULO SERGIO DOS SANTOS                 RUA EZEQUIEL LOPES CARDOSO 681          PARQUE GRAJA04843610SAO PAULO      SP                                  00000000 000190
10218464581000188884600228420    0000                         000001900000000000000109                     I0100001NS30420111600000000040003410000001N080816210000000000000000000000000000000000000000000000000000000000000100000000000000PAULO SERGIO DOS SANTOS                 RUA EZEQUIEL LOPES CARDOSO 681          PARQUE GRAJA04843610SAO PAULO      SP                                  00000000 000191
10218464581000188884600228420    0000                         000001910000000000000109                     I0100001NS30520121600000000040003410000001N080816210000000000000000000000000000000000000000000000000000000000000100000000000000PAULO SERGIO DOS SANTOS                 RUA EZEQUIEL LOPES CARDOSO 681          PARQUE GRAJA04843610SAO PAULO      SP                                  00000000 000192
10218464581000188884600228420    0000                         000001920000000000000109                     I0100001NS30620011700000000040003410000001N080816210000000000000000000000000000000000000000000000000000000000000100000000000000PAULO SERGIO DOS SANTOS                 RUA EZEQUIEL LOPES CARDOSO 681          PARQUE GRAJA04843610SAO PAULO      SP                                  00000000 000193
10218464581000188884600228420    0000                         000001930000000000000109                     I0100001NS30131081600000000041673410000001N080816210000000000000000000000000000000000000000000000000000000000000100000000000000PAULO SERGIO DOS SANTOS                 RUA EZEQUIEL LOPES CARDOSO 681          PARQUE GRAJA04843610SAO PAULO      SP                                  00000000 000194
10218464581000188884600228420    0000                         000001940000000000000109                     I0100001NS30220091600000000041673410000001N080816210000000000000000000000000000000000000000000000000000000000000100000000000000PAULO SERGIO DOS SANTOS                 RUA EZEQUIEL LOPES CARDOSO 681          PARQUE GRAJA04843610SAO PAULO      SP                                  00000000 000195
10218464581000188884600228420    0000                         000001950000000000000109                     I0100001NS30320101600000000041673410000001N080816210000000000000000000000000000000000000000000000000000000000000100000000000000PAULO SERGIO DOS SANTOS                 RUA EZEQUIEL LOPES CARDOSO 681          PARQUE GRAJA04843610SAO PAULO      SP                                  00000000 000196
10218464581000188884600228420    0000                         000001960000000000000109                     I0100001NS30420111600000000041673410000001N080816210000000000000000000000000000000000000000000000000000000000000100000000000000PAULO SERGIO DOS SANTOS                 RUA EZEQUIEL LOPES CARDOSO 681          PARQUE GRAJA04843610SAO PAULO      SP                                  00000000 000197
10218464581000188884600228420    0000                         000001970000000000000109                     I0100001NS30520121600000000041673410000001N080816210000000000000000000000000000000000000000000000000000000000000100000000000000PAULO SERGIO DOS SANTOS                 RUA EZEQUIEL LOPES CARDOSO 681          PARQUE GRAJA04843610SAO PAULO      SP                                  00000000 000198
10218464581000188884600228420    0000                         000001980000000000000109                     I0100001NS30620011700000000041673410000001N080816210000000000000000000000000000000000000000000000000000000000000100000000000000PAULO SERGIO DOS SANTOS                 RUA EZEQUIEL LOPES CARDOSO 681          PARQUE GRAJA04843610SAO PAULO      SP                                  00000000 000199
10218464581000188884600228420    0000                         000001990000000000000109                     I0100001NS30131081600000000008333410000001N080816210000000000000000000000000000000000000000000000000000000000000100000000000000PAULO SERGIO DOS SANTOS                 RUA EZEQUIEL LOPES CARDOSO 681          PARQUE GRAJA04843610SAO PAULO      SP                                  00000000 000200
10218464581000188884600228420    0000                         000002000000000000000109                     I0100001NS30225091600000000008333410000001N080816210000000000000000000000000000000000000000000000000000000000000100000000000000PAULO SERGIO DOS SANTOS                 RUA EZEQUIEL LOPES CARDOSO 681          PARQUE GRAJA04843610SAO PAULO      SP                                  00000000 000201
10218464581000188884600228420    0000                         000002010000000000000109                     I0100001NS30325101600000000008333410000001N080816210000000000000000000000000000000000000000000000000000000000000100000000000000PAULO SERGIO DOS SANTOS                 RUA EZEQUIEL LOPES CARDOSO 681          PARQUE GRAJA04843610SAO PAULO      SP                                  00000000 000202
10218464581000188884600228420    0000                         000002020000000000000109                     I0100001NS30131081600000000012003410000001N080816210000000000000000000000000000000000000000000000000000000000000100000000000000PAULO SERGIO DOS SANTOS                 RUA EZEQUIEL LOPES CARDOSO 681          PARQUE GRAJA04843610SAO PAULO      SP                                  00000000 000203
10218464581000188884600228420    0000                         000002030000000000000109                     I0100001NS30225091600000000012003410000001N080816210000000000000000000000000000000000000000000000000000000000000100000000000000PAULO SERGIO DOS SANTOS                 RUA EZEQUIEL LOPES CARDOSO 681          PARQUE GRAJA04843610SAO PAULO      SP                                  00000000 000204
10218464581000188884600228420    0000                         000002040000000000000109                     I0100001NS30325101600000000012003410000001N080816210000000000000000000000000000000000000000000000000000000000000100000000000000PAULO SERGIO DOS SANTOS                 RUA EZEQUIEL LOPES CARDOSO 681          PARQUE GRAJA04843610SAO PAULO      SP                                  00000000 000205
10218464581000188013700949749    0000                         000002050000000000000109                     I0100001NS30109091600000000002003410000001N080816210000000000000000000000000000000000000000000000000000000000000100000000000000PAULO SERGIO DOS SANTOS                 RUA EZEQUIEL LOPES CARDOSO 681          PARQUE GRAJA04843610SAO PAULO      SP                                  00000000 000206
10218464581000188013700949749    0000                         000002060000000000000109                     I0100001NS30131081600000000001003410000001N080816210000000000000000000000000000000000000000000000000000000000000100000000000000PAULO SERGIO DOS SANTOS                 RUA EZEQUIEL LOPES CARDOSO 681          PARQUE GRAJA04843610SAO PAULO      SP                                  00000000 000207
10218464581000188013700949749    0000                         000002070000000000000109                     I0100001NS30112091600000000016673410000001N080816210000000000000000000000000000000000000000000000000000000000000100000000000000PAULO SERGIO DOS SANTOS                 RUA EZEQUIEL LOPES CARDOSO 681          PARQUE GRAJA04843610SAO PAULO      SP                                  00000000 000208
10218464581000188013700949749    0000                         000002080000000000000109                     I0100001NS30205101600000000016673410000001N080816210000000000000000000000000000000000000000000000000000000000000100000000000000PAULO SERGIO DOS SANTOS                 RUA EZEQUIEL LOPES CARDOSO 681          PARQUE GRAJA04843610SAO PAULO      SP                                  00000000 000209
10218464581000188013700949749    0000                         000002090000000000000109                     I0100001NS30305111600000000016673410000001N080816210000000000000000000000000000000000000000000000000000000000000100000000000000PAULO SERGIO DOS SANTOS                 RUA EZEQUIEL LOPES CARDOSO 681          PARQUE GRAJA04843610SAO PAULO      SP                                  00000000 000210
10218464581000188013700949749    0000                         000002100000000000000109                     I0100001NS30125081600000000050003410000001N080816210000000000000000000000000000000000000000000000000000000000000100000000000000PAULO SERGIO DOS SANTOS                 RUA EZEQUIEL LOPES CARDOSO 681          PARQUE GRAJA04843610SAO PAULO      SP                                  00000000 000211
10218464581000188884600228420    0000                         000002110000000000000109                     I0100001NS30130081600000000050003410000001N080816210000000000000000000000000000000000000000000000000000000000000100000000000000PAULO SERGIO DOS SANTOS                 RUA EZEQUIEL LOPES CARDOSO 681          PARQUE GRAJA04843610SAO PAULO      SP                                  00000000 000212
10218464581000188884600228420    0000                         000002120000000000000109                     I0100001NS30130081600000000068003410000001N080816210000000000000000000000000000000000000000000000000000000000000100000000000000PAULO SERGIO DOS SANTOS                 RUA EZEQUIEL LOPES CARDOSO 681          PARQUE GRAJA04843610SAO PAULO      SP                                  00000000 000213
10218464581000188884600228420    0000                         000002130000000000000109                     I0100001NS30131081600000000015003410000001N080816210000000000000000000000000000000000000000000000000000000000000100000000000000PAULO SERGIO DOS SANTOS                 RUA EZEQUIEL LOPES CARDOSO 681          PARQUE GRAJA04843610SAO PAULO      SP                                  00000000 000214
10218464581000188884600228420    0000                         000002140000000000000109                     I0100001NS30131081600000000017003410000001N080816210000000000000000000000000000000000000000000000000000000000000100000000000000PAULO SERGIO DOS SANTOS                 RUA EZEQUIEL LOPES CARDOSO 681          PARQUE GRAJA04843610SAO PAULO      SP                                  00000000 000215
10218464581000188884600228420    0000                         000002150000000000000109                     I0100001NS30130081600000000040003410000001N080816210000000000000000000000000000000000000000000000000000000000000100000000000000PAULO SERGIO DOS SANTOS                 RUA EZEQUIEL LOPES CARDOSO 681          PARQUE GRAJA04843610SAO PAULO      SP                                  00000000 000216
10218464581000188884600228420    0000                         000002160000000000000109                     I0100001NS30131081600000000036003410000001N080816210000000000000000000000000000000000000000000000000000000000000100000000000000PAULO SERGIO DOS SANTOS                 RUA EZEQUIEL LOPES CARDOSO 681          PARQUE GRAJA04843610SAO PAULO      SP                                  00000000 000217
10218464581000188884600228420    0000                         000002170000000000000109                     I0100001NS30130081600000000027003410000001N080816210000000000000000000000000000000000000000000000000000000000000100000000000000PAULO SERGIO DOS SANTOS                 RUA EZEQUIEL LOPES CARDOSO 681          PARQUE GRAJA04843610SAO PAULO      SP                                  00000000 000218
10218464581000188884600228420    0000                         000002180000000000000109                     I0100001NS30130081600000000036003410000001N080816210000000000000000000000000000000000000000000000000000000000000100000000000000PAULO SERGIO DOS SANTOS                 RUA EZEQUIEL LOPES CARDOSO 681          PARQUE GRAJA04843610SAO PAULO      SP                                  00000000 000219
10218464581000188884600228420    0000                         000002190000000000000109                     I0100002NS30130081600000000015003410000001N080816210000000000000000000000000000000000000000000000000000000000000100000000000000GUILHERME SOMBRA C. DA SILVA            RUA CALIFORNIA 177                      JARDIM SANTO06823020EMBU DAS ARTES SP                                  00000000 000220
10218464581000188884600228420    0000                         000002200000000000000109                     I0100001NS30130081600000000050003410000001N090816210000000000000000000000000000000000000000000000000000000000000100000000000000PAULO SERGIO DOS SANTOS                 RUA EZEQUIEL LOPES CARDOSO 681          PARQUE GRAJA04843610SAO PAULO      SP                                  00000000 000221
10218464581000188884600228420    0000                         000002210000000000000109                     I0100002NS30131081600000000075003410000001N090816210000000000000000000000000000000000000000000000000000000000000100000000000000GUILHERME SOMBRA C. DA SILVA            RUA CALIFORNIA 177                      JARDIM SANTO06823020EMBU DAS ARTES SP                                  00000000 000222
9                                                                                                                                                                                                                                                                                                                                                                                                         000223
