01REMESSA01COBRANCA       88460022842000000000NS3 - SOLUCOES EM T.I (AMBIENT341BANCO ITAU SA  230816                                                                                                                                                                                                                                                                                                      000001
10218464581000188884600228420    0000                         000000060000000000000109                     I0100001NS30105091600000000167503410000001N170816210000000000000000000000000000000000000000000000000000000000000100000000000000PAULO SERGIO DOS SANTOS                 RUA EZEQUIEL LOPES CARDOSO 681          PARQUE GRAJA04843610SAO PAULO      SP                                  00000000 000002
10218464581000188884600228420    0000                         000000070000000000000109                     I0100001NS30118091600000000167503410000001N230816210000000000000000000000000000000000000000000000000000000000000100000000000000PAULO SERGIO DOS SANTOS                 RUA EZEQUIEL LOPES CARDOSO 681          PARQUE GRAJA04843610SAO PAULO      SP                                  00000000 000003
10218464581000188884600228420    0000                         000000080000000000000109                     I0100001NS30220101600000000167503410000001N230816210000000000000000000000000000000000000000000000000000000000000100000000000000PAULO SERGIO DOS SANTOS                 RUA EZEQUIEL LOPES CARDOSO 681          PARQUE GRAJA04843610SAO PAULO      SP                                  00000000 000004
10218464581000188884600228420    0000                         000000090000000000000109                     I0100001NS30320111600000000167503410000001N230816210000000000000000000000000000000000000000000000000000000000000100000000000000PAULO SERGIO DOS SANTOS                 RUA EZEQUIEL LOPES CARDOSO 681          PARQUE GRAJA04843610SAO PAULO      SP                                  00000000 000005
10218464581000188884600228420    0000                         000000100000000000000109                     I0100001NS30420121600000000167503410000001N230816210000000000000000000000000000000000000000000000000000000000000100000000000000PAULO SERGIO DOS SANTOS                 RUA EZEQUIEL LOPES CARDOSO 681          PARQUE GRAJA04843610SAO PAULO      SP                                  00000000 000006
10218464581000188884600228420    0000                         000000110000000000000109                     I0100001NS30118091600000000050003410000001N230816210000000000000000000000000000000000000000000000000000000000000100000000000000PAULO SERGIO DOS SANTOS                 RUA EZEQUIEL LOPES CARDOSO 681          PARQUE GRAJA04843610SAO PAULO      SP                                  00000000 000007
10218464581000188884600228420    0000                         000000120000000000000109                     I0100001NS30220101600000000050003410000001N230816210000000000000000000000000000000000000000000000000000000000000100000000000000PAULO SERGIO DOS SANTOS                 RUA EZEQUIEL LOPES CARDOSO 681          PARQUE GRAJA04843610SAO PAULO      SP                                  00000000 000008
9                                                                                                                                                                                                                                                                                                                                                                                                         000009
